<?xml version="1.0" encoding="UTF-8"?><collection xmlns="http://www.loc.gov/MARC21/slim"><record><leader>00573nam--2200205-i-4500</leader><controlfield tag="001">000022954</controlfield><controlfield tag="002">20161230</controlfield><controlfield tag="005">20161230201034</controlfield><controlfield tag="008">060222s1000------------r-----000-0-rus-d</controlfield><datafield ind1=" " ind2=" " tag="040"><subfield code="a">IFIN-HH</subfield></datafield><datafield ind1=" " ind2=" " tag="041"><subfield code="a">rus</subfield></datafield><datafield ind1=" " ind2=" " tag="080"><subfield code="a">537.52</subfield></datafield><datafield ind1="1" ind2=" " tag="100"><subfield code="a">Chace, William G</subfield></datafield><datafield ind1="1" ind2="0" tag="245"><subfield code="a">Elektriceskii vzriv provodnikov</subfield><subfield code="c">William g. chace, howard k. moore (eds.)</subfield></datafield><datafield ind1=" " ind2=" " tag="260"><subfield code="a">Moskva</subfield><subfield code="b">Mir</subfield><subfield code="c">1965</subfield></datafield><datafield ind1=" " ind2=" " tag="300"><subfield code="a">360P</subfield></datafield><datafield ind1=" " ind2=" " tag="500"><subfield code="a">Titlul Original In Limba Engleza: Exploring Wires Volume 2</subfield></datafield><datafield ind1=" " ind2=" " tag="700"><subfield code="a">Moore, Howard K</subfield><subfield code="e">Ed</subfield></datafield><datafield ind1=" " ind2=" " tag="852"><subfield code="a">76637</subfield><subfield code="c">537.52</subfield></datafield><datafield ind1=" " ind2=" " tag="CAT"><subfield code="a">Sys</subfield><subfield code="c">20110804</subfield><subfield code="h">161124</subfield></datafield></record></collection>